@preamble{ "\newcommand{\noopsort}[1]{} "
	# "\newcommand{\printfirst}[2]{#1} "
	# "\newcommand{\singleletter}[1]{#1} "
	# "\newcommand{\switchargs}[2]{#2#1} " }

@Book{prednasky,
  author = 	 {Ján Kľuka, Jozef Šiška},
  title = 	 {Prednášky z Matematiky (4) – Logiky
pre informatikov},
  year = 	 {2017},
  note = {\url{https://dai.fmph.uniba.sk/w/S%C3%BAbor:Course:Lpi-prednasky-2016-17.pdf}}
}

@Book{svejdar,
  author = 	 {Vítězslav Švejdar},
  title = 	 {Logika: neúplnost, složitost a nutnost},
  year = 	 {2002},
  note = {\url{http://www1.cuni.cz/~svejdar/book/LogikaSve2002.pdf}},
  publisher =	{Praha: Academia}
}

@Manual{html,
	address = {\url{https://www.w3.org/TR/html52/}},
	author = {Steve Faulkner and Arron Eicholz and Travis Leithead and Alex Danilo and Sangwhan Moon},
	month = {December},
	note = {},
	organization = {World Wide Web Consortium},
	year = {2017},
	title = {HTML 5.2}
}

@misc{intro_to_logic,
	title = {Introduction to Logic},
	howpublished = {\url{http://logic.stanford.edu/intrologic/lessons/lessons.html}},
	note = {Prístupné dňa: 30.1.2018},
	author = {Michael Genesereth and Eric Kao}
}